@article{mck1925, title={Applications of Mathematics to Medical Problems}, volume={44}, DOI={10.1017/S0013091500034428}, journal={Proceedings of the Edinburgh Mathematical Society}, publisher={Cambridge University Press}, author={M'Kendrick, A. G.}, year={1925}, pages={98â€“130}}

@incollection{vF1959,
  added-at = {2009-01-07T21:04:22.000+0100},
  address = {New York},
  author = {von Foerster, H.},
  biburl = {https://www.bibsonomy.org/bibtex/2e908da802e42ec463dec8bf4b7ac20ee/delius},
  booktitle = {The Kinetics of Cellular Proliferation},
  description = {arXiv:0812.4968},
  editor = {Stohlman, J. F.},
  interhash = {dd638e1b223d73c9d230d880aa8d5cb5},
  intrahash = {e908da802e42ec463dec8bf4b7ac20ee},
  keywords = {arXiv:0812.4968 imported},
  pages = {382-407},
  publisher = {Grune and Stratton},
  timestamp = {2009-01-07T21:04:22.000+0100},
  title = {Some Remarks on Changing Populations},
  year = 1959
}

 @misc{
   keyfitz_keyfitz, 
   title={The McKendrick Partial Differential Equation and its Uses in Epidemiology and Population Study}, 
   author={Keyfitz, Barbara Lee and Keyfitz, Nathan},
   biburl = 
   {https://bpb-us-w2.wpmucdn.com/u.osu.edu/dist/3/23/files/2019/06/pop.pdf}
} 

@book{logan,
author = {Logan, J.},
year = {2015},
month = {01},
pages = {},
title = {Applied Partial Differential Equations},
isbn = {978-3-319-12492-6},
doi = {10.1007/978-3-319-12493-3}
}